@ARTICLE{clar:a2,
author = {{Y. J. Yao}, R. W. Yang, and {L. Liu}},
title = {"Design of Intelligent Traffic Management System Based on Video Detection Technology"},
journal = {IEEE Access},
year = 2020,
volume = {vol. 8},
pages = {pp. 67278-67289},
}